@ARTICLE{6730905, 
author={H. B. {Azad} and S. {Mekhilef} and V. G. {Ganapathy}}, 
journal={IEEE Transactions on Sustainable Energy}, 
title={Long-Term Wind Speed Forecasting and General Pattern Recognition Using Neural Networks}, 
year={2014}, 
volume={5}, 
number={2}, 
pages={546-553}, 
keywords={energy management systems;load forecasting;neural nets;power markets;velocity measurement;wind power;long term wind speed forecasting;general pattern recognition;neural networks;restructured electricity markets;energy management;wind farm optimal design;data fusion algorithm;wind speed measurement;mean absolute error;Wind speed;Wind forecasting;Time series analysis;Biological neural networks;Predictive models;Forecasting;Artificial intelligence (AI);energy management;long-term forecasting;neural network;renewable energy;wind energy;wind speed},
doi={10.1109/TSTE.2014.2300150}, 
ISSN={1949-3029}, 
month={April},}

@article{WANG2011770,
title = "A Review of Wind Power Forecasting Models",
journal = "Energy Procedia",
volume = "12",
pages = "770 - 778",
year = "2011",
note = "The Proceedings of International Conference on Smart Grid and Clean Energy Technologies (ICSGCE 2011",
issn = "1876-6102",
doi = "https://doi.org/10.1016/j.egypro.2011.10.103",
url = "http://www.sciencedirect.com/science/article/pii/S1876610211019291",
author = "Xiaochen Wang and Peng Guo and Xiaobin Huang",
keywords = "Wind power forecasting, models for wind prediction, physical approaches, statistical approaches",
}

@INPROCEEDINGS{8778495, 
author={H. {Karbouj} and Z. H. {Rather}}, 
booktitle={2019 1st Global Power, Energy and Communication Conference (GPECOM)}, 
title={A Comparative Study on the Impact of Grid Code Regulations on Stability of Wind Integrated Power Systems}, 
year={2019}, 
volume={}, 
number={}, 
pages={342-347}, 
keywords={AC generators;IEC standards;power generation faults;power grids;power system stability;wind power plants;wind turbines;voltage stability;frequency stability;fault current prioritization;post fault active power recovery;high wind power penetration;system voltage;IEEE 39 bus benchmark system;test system;wind turbine generators;grid code requirements;grid connection;wind power generator;grid code regulations;wind integrated power systems stability;Power system stability;Wind power generation;Voltage control;Circuit faults;Stability criteria;Generators;Voltage dip induced frequency excursion;voltage stability;grid code;wind integrated power system}, 
doi={10.1109/GPECOM.2019.8778495}, 
ISSN={}, 
month={June},}

@article{MOHSENI20123876,
title = "Review of international grid codes for wind power integration: Diversity, technology and a case for global standard",
journal = "Renewable and Sustainable Energy Reviews",
volume = "16",
number = "6",
pages = "3876 - 3890",
year = "2012",
issn = "1364-0321",
doi = "https://doi.org/10.1016/j.rser.2012.03.039",
url = "http://www.sciencedirect.com/science/article/pii/S1364032112002225",
author = "Mansour Mohseni and Syed M. Islam",
keywords = "Grid code regulations, Wind power plants, Compliance technologies"
}

@article{HAN2019181,
title = "Mid-to-long term wind and photovoltaic power generation prediction based on copula function and long short term memory network",
journal = "Applied Energy",
volume = "239",
pages = "181 - 191",
year = "2019",
issn = "0306-2619",
doi = "https://doi.org/10.1016/j.apenergy.2019.01.193",
url = "http://www.sciencedirect.com/science/article/pii/S0306261919302065",
author = "Shuang Han and Yan-hui Qiao and Jie Yan and Yong-qian Liu and Li Li and Zheng Wang",
keywords = "Copula function, Long short term memory network, Mid-to-long term power generation prediction, Wind and photovoltaic joint prediction",
}

@article{Alencar17,
author = {Alencar, David and de Mattos Affonso, Carolina and Oliveira, Roberto and Moya Rodríguez, Jorge and Leite, Jandecy and Reston Filho, José Carlos},
year = {2017},
month = {11},
pages = {1976},
title = {Different Models for Forecasting Wind Power Generation: Case Study},
volume = {10},
journal = {Energies},
doi = {10.3390/en10121976}
}

@article{Pierre17,
author = {Huyn, Pierre and Chongfuangprinya, Panitarn and Raju, Sunder and Venkatraman, Chandrasekar},
year = {2017},
title = {A Case-Study of Wind Turbine Power Forecasting Using Machine Learning Techniques},
journal = {Big Data Laboratory, R\&D Division, Hitachi America, Ltd., USA}
}

@ARTICLE{4757294, 
author={S. {Fan} and J. R. {Liao} and R. {Yokoyama} and L. {Chen} and W. {Lee}}, 
journal={IEEE Transactions on Energy Conversion}, 
title={Forecasting the Wind Generation Using a Two-Stage Network Based on Meteorological Information}, 
year={2009}, 
volume={24}, 
number={2}, 
pages={474-482}, 
doi={10.1109/TEC.2008.2001457}, 
ISSN={0885-8969}, 
month={June},}

@INPROCEEDINGS{7894735, 
author={B. {Kanna} and S. N. {Singh}}, 
booktitle={2016 IEEE Uttar Pradesh Section International Conference on Electrical, Computer and Electronics Engineering (UPCON)}, 
title={Long term wind power forecast using adaptive wavelet neural network}, 
year={2016}, 
volume={}, 
number={}, 
pages={671-676}, 
doi={10.1109/UPCON.2016.7894735}, 
ISSN={}, 
month={Dec},}


@Article{app9061108,
AUTHOR = {Liu, Yao and Guan, Lin and Hou, Chen and Han, Hua and Liu, Zhangjie and Sun, Yao and Zheng, Minghui},
TITLE = {Wind Power Short-Term Prediction Based on LSTM and Discrete Wavelet Transform},
JOURNAL = {Applied Sciences},
VOLUME = {9},
YEAR = {2019},
NUMBER = {6},
ARTICLE-NUMBER = {1108},
URL = {https://www.mdpi.com/2076-3417/9/6/1108},
ISSN = {2076-3417},
DOI = {10.3390/app9061108}
}

@article{HONG2014357,
title = "Global Energy Forecasting Competition 2012",
journal = "International Journal of Forecasting",
volume = "30",
number = "2",
pages = "357 - 363",
year = "2014",
issn = "0169-2070",
doi = "https://doi.org/10.1016/j.ijforecast.2013.07.001",
url = "http://www.sciencedirect.com/science/article/pii/S0169207013000745",
author = "Tao Hong and Pierre Pinson and Shu Fan"
}

@article{WANG2017977,
title = "A new chaotic time series hybrid prediction method of wind power based on EEMD-SE and full-parameters continued fraction",
journal = "Energy",
volume = "138",
pages = "977 - 990",
year = "2017",
issn = "0360-5442",
doi = "https://doi.org/10.1016/j.energy.2017.07.112",
url = "http://www.sciencedirect.com/science/article/pii/S0360544217312902",
author = "Cong Wang and Hongli Zhang and Wenhui Fan and Ping Ma",
keywords = "Wind power prediction, EEMD-SE, Full-parameters continued fraction, Primal dual state transition algorithm"
}

@article{Chang14,
title = "A Literature Review of Wind Forecasting Methods",
journal = "Journal of Power and Energy Engineering",
volume = "2",
pages = "161 - 168",
year = "2014",
doi =  "10.4236/jpee.2014.24023",
url = "http://m.scirp.org/papers/44881",
author = "Wen-Yeau Chang",
keywords = "Literature Survey; Wind Forecasting Categories; Wind Speed and Power Forecasting Methods"
}

@article{WANG20171345,
title = "Multi-step ahead wind speed forecasting using an improved wavelet neural network combining variational mode decomposition and phase space reconstruction",
journal = "Renewable Energy",
volume = "113",
pages = "1345 - 1358",
year = "2017",
issn = "0960-1481",
doi = "https://doi.org/10.1016/j.renene.2017.06.095",
url = "http://www.sciencedirect.com/science/article/pii/S0960148117305992",
author = "Deyun Wang and Hongyuan Luo and Olivier Grunder and Yanbing Lin",
keywords = "Multi-step ahead, Wind speed forecasting, Variational mode decomposition, Phase space reconstruction, Wavelet neural network"
}

@article{Gao2016DistributedMF,
  title={Distributed Mean-Field-Type Filters for Big Data Assimilation},
  author={Jian Gao and Hamidou Tembine},
  journal={2016 IEEE 18th International Conference on High Performance Computing and Communications; IEEE 14th International Conference on Smart City; IEEE 2nd International Conference on Data Science and Systems (HPCC/SmartCity/DSS)},
  year={2016},
  pages={1446-1453}
}

@article{LI201356,
title = "A physical approach of the short-term wind power prediction based on CFD pre-calculated flow fields",
journal = "Journal of Hydrodynamics, Ser. B",
volume = "25",
number = "1",
pages = "56 - 61",
year = "2013",
issn = "1001-6058",
doi = "https://doi.org/10.1016/S1001-6058(13)60338-8",
url = "http://www.sciencedirect.com/science/article/pii/S1001605813603388",
author = "Li LI and Yong-qian LIU and Yong-ping YANG and Shuang HAN and Yi-mei WANG",
keywords = "short-term wind power prediction, physical approach, CFD model, flow field, database"
}

@article{LAZIC2014567,
title = "Improved wind forecasts for wind power generation using the Eta model and MOS (Model Output Statistics) method",
journal = "Energy",
volume = "73",
pages = "567 - 574",
year = "2014",
issn = "0360-5442",
doi = "https://doi.org/10.1016/j.energy.2014.06.056",
url = "http://www.sciencedirect.com/science/article/pii/S0360544214007555",
author = "Lazar Lazić and Goran Pejanović and Momčilo Živković and Luka Ilić",
keywords = "Wind, Wind power, Wind forecasts, Eta model, MOS method, Verification"
}

@INPROCEEDINGS{8489472, 
author={Q. {Chen} and K. A. {Folly}}, 
booktitle={2018 International Joint Conference on Neural Networks (IJCNN)}, 
title={Comparison of Three Methods for Short-Term Wind Power Forecasting}, 
year={2018}, 
volume={}, 
number={}, 
pages={1-8}, 
keywords={autoregressive moving average processes;fuzzy neural nets;fuzzy reasoning;load forecasting;power engineering computing;time series;wind power;short-term wind power forecasting;short-term wind forecasting model;grid reliability;market-based ancillary services;time series based method;autoregressive moving average;artificial neural networks;fuzzy logic;adaptive neuro-fuzzy inference systems;ANFIS;ARIMA method;Forecasting;Wind power generation;Wind speed;Wind forecasting;Predictive models;Artificial neural networks;Neurons;ANFIS;ANNs;ARMA;wind power;wind speed}, 
doi={10.1109/IJCNN.2018.8489472}, 
ISSN={2161-4407}, 
month={July},}

@book{patel2005wind,
  title={Wind and Solar Power Systems: Design, Analysis, and Operation, Second Edition},
  author={Patel, M.R.},
  isbn={9781420039924},
  lccn={2005043904},
  url={https://books.google.com/books?id=8aQDw14fQnkC},
  year={2005},
  publisher={CRC Press}
}

@article{SILVA2014395,
title = "A feature engineering approach to wind power forecasting: GEFCom 2012",
journal = "International Journal of Forecasting",
volume = "30",
number = "2",
pages = "395 - 401",
year = "2014",
issn = "0169-2070",
doi = "https://doi.org/10.1016/j.ijforecast.2013.07.007",
url = "http://www.sciencedirect.com/science/article/pii/S0169207013000836",
author = "Lucas Silva",
keywords = "GEFCom, Feature engineering, Gradient boosted decision trees, Linear regression, Machine learning, Time series"
}

@article{DBLP:journals/corr/ChenG16,
  author    = {Tianqi Chen and
               Carlos Guestrin},
  title     = {XGBoost: {A} Scalable Tree Boosting System},
  journal   = {CoRR},
  volume    = {abs/1603.02754},
  year      = {2016},
  url       = {http://arxiv.org/abs/1603.02754},
  archivePrefix = {arXiv},
  eprint    = {1603.02754},
  timestamp = {Mon, 13 Aug 2018 16:47:00 +0200},
  biburl    = {https://dblp.org/rec/bib/journals/corr/ChenG16},
  bibsource = {dblp computer science bibliography, https://dblp.org}
}

@Article{Breiman1996,
author="Breiman, Leo",
title="Stacked regressions",
journal="Machine Learning",
year="1996",
month="Jul",
day="01",
volume="24",
number="1",
pages="49--64",
issn="1573-0565",
doi="10.1007/BF00117832",
url="https://doi.org/10.1007/BF00117832"
}

@inproceedings{Kanna13,
author = {Kanna, Bhaskar and Niwas Singh, Sri},
booktitle={1st Annual International Conference on Power, Energy and Electrical Engineering (PEEE 2013)}, 
year = {2013},
month = {08},
title = {Improved RNN and AWNN Based Wind Power Forecast using Meteorological Inputs},
isbn = {9789810775315},
doi = {10.5176/978-981-07-7531-5_PEEE.14}
}

